@InProceedings{levenshtein1966binary,
  title = {Binary Codes Capable of Correcting Deletions, Insertions, and Reversals},
  booktitle = {Soviet Physics Doklady},
  author = {Vladimir I Levenshtein},
  year = {1966},
  volume = {10},
  pages = {707--710},
  number = {8},
}

@article{burkner2017brms,
  title={brms: An R package for Bayesian multilevel models using Stan},
  author={B{\"u}rkner, Paul-Christian},
  journal={Journal of statistical software},
  volume={80},
  number={1},
  pages={1--28},
  year={2017}
}

 @Article{loo2014stringdist,
    title = {The stringdist package for approximate string matching},
    author = {M.P.J. {van der Loo}},
    year = {2014},
    journal = {The {R} {J}ournal},
    volume = {6},
    issue = {1},
    url = {https://CRAN.R-project.org/package=stringdist},
    pages = {111-122},
  }


@article{carpenter2017stan,
  title={Stan: a probabilistic programming language.},
  author={Carpenter, Bob and Gelman, Andrew and Hoffman, Matthew D and Lee, Daniel and Goodrich, Ben and Betancourt, Michael and Brubaker, Marcus A and Guo, Jiqiang and Li, Peter and Riddell, Allen},
  journal={Grantee Submission},
  volume={76},
  number={1},
  pages={1--32},
  year={2017},
  publisher={ERIC}
}

  @Article{van2011mice,
    title = {{mice}: Multivariate Imputation by Chained Equations in R},
    author = {Stef {van Buuren} and Karin Groothuis-Oudshoorn},
    journal = {Journal of Statistical Software},
    year = {2011},
    volume = {45},
    number = {3},
    pages = {1-67},
    url = {https://www.jstatsoft.org/v45/i03/},
  }