@InProceedings{levenshtein1966binary,
  title = {Binary Codes Capable of Correcting Deletions, Insertions, and Reversals},
  booktitle = {Soviet Physics Doklady},
  author = {Vladimir I Levenshtein},
  year = {1966},
  volume = {10},
  pages = {707--710},
  number = {8},
}

@article{peirce2019psychopy2,
  title={PsychoPy2: Experiments in behavior made easy},
  author={Peirce, Jonathan and Gray, Jeremy R and Simpson, Sol and MacAskill, Michael and H{\"o}chenberger, Richard and Sogo, Hiroyuki and Kastman, Erik and Lindel{\o}v, Jonas Kristoffer},
  journal={Behavior research methods},
  volume={51},
  number={1},
  pages={195--203},
  year={2019},
  publisher={Springer}
}

@article{burkner2017brms,
  title={brms: An R package for Bayesian multilevel models using Stan},
  author={B{\"u}rkner, Paul-Christian},
  journal={Journal of statistical software},
  volume={80},
  number={1},
  pages={1--28},
  year={2017}
}

@article{wickham2019tidyverse,
    title = {Welcome to the {tidyverse}},
    author = {Hadley Wickham and Mara Averick and Jennifer Bryan and Winston Chang and Lucy D'Agostino McGowan and Romain François and Garrett Grolemund and Alex Hayes and Lionel Henry and Jim Hester and Max Kuhn and Thomas Lin Pedersen and Evan Miller and Stephan Milton Bache and Kirill Müller and Jeroen Ooms and David Robinson and Dana Paige Seidel and Vitalie Spinu and Kohske Takahashi and Davis Vaughan and Claus Wilke and Kara Woo and Hiroaki Yutani},
    year = {2019},
    journal = {Journal of Open Source Software},
    volume = {4},
    number = {43},
    pages = {1686},
    doi = {10.21105/joss.01686},
  }

@article{weber2004lexical,
  title={Lexical competition in non-native spoken-word recognition},
  author={Weber, Andrea and Cutler, Anne},
  journal={Journal of memory and language},
  volume={50},
  number={1},
  pages={1--25},
  year={2004},
  publisher={Elsevier}
}

@article{best2001discrimination,
  title={Discrimination of non-native consonant contrasts varying in perceptual assimilation to the listener’s native phonological system},
  author={Best, Catherine T and McRoberts, Gerald W and Goodell, Elizabeth},
  journal={The Journal of the Acoustical Society of America},
  volume={109},
  number={2},
  pages={775--794},
  year={2001},
  publisher={Acoustical Society of America}
}

@article{cutler2004patterns,
  title={Patterns of English phoneme confusions by native and non-native listeners},
  author={Cutler, Anne and Weber, Andrea and Smits, Roel and Cooper, Nicole},
  journal={The Journal of the Acoustical Society of America},
  volume={116},
  number={6},
  pages={3668--3678},
  year={2004},
  publisher={Acoustical Society of America}
}

@article{nabvelek1984perception,
  title={Perception of consonants in reverberation by native and non-native listeners},
  author={N{\'a}b{\v{e}}lek, Anna K and Donahue, Amy M},
  journal={The Journal of the Acoustical Society of America},
  volume={75},
  number={2},
  pages={632--634},
  year={1984},
  publisher={Acoustical Society of America}
}

@article{takata1990english,
  title={English consonant recognition in noise and in reverberation by Japanese and American listeners},
  author={Takata, Yoji and N{\'a}b{\v{e}}lek, Anna K},
  journal={The Journal of the Acoustical Society of America},
  volume={88},
  number={2},
  pages={663--666},
  year={1990},
  publisher={Acoustical Society of America}
}

 @Article{loo2014stringdist,
    title = {The stringdist package for approximate string matching},
    author = {M.P.J. {van der Loo}},
    year = {2014},
    journal = {The {R} {J}ournal},
    volume = {6},
    issue = {1},
    url = {https://CRAN.R-project.org/package=stringdist},
    pages = {111-122},
  }
  
@book{gelman2020regression,
  title={Regression and other stories},
  author={Gelman, Andrew and Hill, Jennifer and Vehtari, Aki},
  year={2020},
  publisher={Cambridge University Press}
}

@article{carpenter2017stan,
  title={Stan: A probabilistic programming language},
  author={Carpenter, Bob and Gelman, Andrew and Hoffman, Matthew D and Lee, Daniel and Goodrich, Ben and Betancourt, Michael and Brubaker, Marcus and Guo, Jiqiang and Li, Peter and Riddell, Allen},
  journal={Journal of statistical software},
  volume={76},
  number={1},
  pages={1--32},
  year={2017}
}


@article{carpenter2017stan,
  title={Stan: a probabilistic programming language.},
  author={Carpenter, Bob and Gelman, Andrew and Hoffman, Matthew D and Lee, Daniel and Goodrich, Ben and Betancourt, Michael and Brubaker, Marcus A and Guo, Jiqiang and Li, Peter and Riddell, Allen},
  journal={Grantee Submission},
  volume={76},
  number={1},
  pages={1--32},
  year={2017},
  publisher={ERIC}
}

@article{van2011mice,
    title = {{mice}: Multivariate Imputation by Chained Equations in R},
    author = {Stef {van Buuren} and Karin Groothuis-Oudshoorn},
    journal = {Journal of Statistical Software},
    year = {2011},
    volume = {45},
    number = {3},
    pages = {1-67},
    url = {https://www.jstatsoft.org/v45/i03/},
  }
  
  @article{van2014subtlex,
  title={SUBTLEX-UK: A new and improved word frequency database for British English},
  author={Van Heuven, Walter JB and Mandera, Pawel and Keuleers, Emmanuel and Brysbaert, Marc},
  journal={Quarterly journal of experimental psychology},
  volume={67},
  number={6},
  pages={1176--1190},
  year={2014},
  publisher={SAGE Publications Sage UK: London, England}
}

@article{cuetos2011subtlex,
  title={SUBTLEX-ESP: frecuencias de las palabras espanolas basadas en los subtitulos de las peliculas},
  author={Cuetos, Fernando and Glez-Nosti, Maria and Barbon, Analia and Brysbaert, Marc},
  journal={Psicol{\'o}gica},
  volume={32},
  number={2},
  pages={133--144},
  year={2011},
  publisher={Sociedad Espanola de Psicologia Experimental (SEPEX)}
}
  
  @article{boada2020subtlex,
  title={SUBTLEX-CAT: Subtitle word frequencies and contextual diversity for Catalan},
  author={Boada, Roger and Guasch, Marc and Haro, Juan and Demestre, Josep and Ferr{\'e}, Pilar},
  journal={Behavior research methods},
  volume={52},
  number={1},
  pages={360--375},
  year={2020},
  publisher={Springer}
}

@article{zipf1949human,
  title={Human behavior and the principle of least effort: an introd. to human ecology},
  author={Zipf, George Kingsley},
  year={1949},
  publisher={Addison-Wesley Press}
}

@misc{rcore2019r,
  title={R: a language and environment for statistical computing. R Foundation for Statistical Computing, Austria},
  author={RCore, TEAM},
  year={2019}
}

@article{schad2020capitalize,
  title={How to capitalize on a priori contrasts in linear (mixed) models: A tutorial},
  author={Schad, Daniel J and Vasishth, Shravan and Hohenstein, Sven and Kliegl, Reinhold},
  journal={Journal of Memory and Language},
  volume={110},
  pages={104038},
  year={2020},
  publisher={Elsevier}
}

@article{van2011mice,
  title={mice: Multivariate imputation by chained equations in R},
  author={Van Buuren, Stef and Groothuis-Oudshoorn, Karin},
  journal={Journal of statistical software},
  volume={45},
  number={1},
  pages={1--67},
  year={2011}
}

@article{thierry2007brain,
  title={Brain potentials reveal unconscious translation during foreign-language comprehension},
  author={Thierry, Guillaume and Wu, Yan Jing},
  journal={Proceedings of the National Academy of Sciences},
  volume={104},
  number={30},
  pages={12530--12535},
  year={2007},
  publisher={National Acad Sciences}
}

@misc{broersma2021praat,
  title={Praat: doing phonetics by computer [Computer program]},
  year={2021},
  author={Broersma, Paul and Weenink, David},
  version={Version 6.1.54},
  url={http://www.praat.org/}
}

@article{marslen1987functional,
  title={Functional parallelism in spoken word-recognition},
  author={Marslen-Wilson, William D},
  journal={Cognition},
  volume={25},
  number={1-2},
  pages={71--102},
  year={1987},
  publisher={Elsevier}
}

@article{luce1998recognizing,
  title={Recognizing spoken words: The neighborhood activation model},
  author={Luce, Paul A and Pisoni, David B},
  journal={Ear and hearing},
  volume={19},
  number={1},
  pages={1},
  year={1998},
  publisher={NIH Public Access}
}

@article{vehtari2017practical,
  title={Practical Bayesian model evaluation using leave-one-out cross-validation and WAIC},
  author={Vehtari, Aki and Gelman, Andrew and Gabry, Jonah},
  journal={Statistics and computing},
  volume={27},
  number={5},
  pages={1413--1432},
  year={2017},
  publisher={Springer}
}

@article{de1982relationship,
  title={The relationship of estimated comprehensibility to the rate of connected speech},
  author={De Haan, Henry J},
  journal={Perception \& Psychophysics},
  volume={32},
  number={1},
  pages={27--31},
  year={1982},
  publisher={Springer}
}

@incollection{morton1979facilitation,
  title={Facilitation in word recognition: Experiments causing change in the logogen model},
  author={Morton, John},
  booktitle={Processing of visible language},
  pages={259--268},
  year={1979},
  publisher={Springer}
}

@article{warren1970perceptual,
  title={Perceptual restoration of missing speech sounds},
  author={Warren, Richard M},
  journal={Science},
  volume={167},
  number={3917},
  pages={392--393},
  year={1970},
  publisher={American Association for the Advancement of Science}
}

@article{goldinger1989priming,
  title={Priming lexical neighbors of spoken words: Effects of competition and inhibition},
  author={Goldinger, Stephen D and Luce, Paul A and Pisoni, David B},
  journal={Journal of memory and language},
  volume={28},
  number={5},
  pages={501--518},
  year={1989},
  publisher={Elsevier}
}

@article{luce1990similarity,
  title={Similarity neighborhoods of spoken words.},
  author={Luce, Paul A and Pisoni, David B and Goldinger, Steven D},
  year={1990},
  publisher={The MIT Press}
}

@article{cohen1976use,
  title={Use of low-pass noise in word-recognition testing},
  author={Cohen, Ronald L and Keith, Robert W},
  journal={Journal of speech and hearing research},
  volume={19},
  number={1},
  pages={48--54},
  year={1976},
  publisher={ASHA}
}

@misc{boersma2021praat,
  title={Praat: doing phonetics by computer [Computer program]. Version 6.1. 44},
  author={Boersma, Paul and Weenink, David},
  year={2021}
}

@article{schepens2012distributions,
  title={Distributions of cognates in Europe as based on Levenshtein distance},
  author={Schepens, Job and Dijkstra, Ton and Grootjen, Franc},
  journal={Bilingualism: Language and Cognition},
  volume={15},
  number={1},
  pages={157--166},
  year={2012},
  publisher={Cambridge University Press}
}

@article{hawkins1950masking,
  title={The masking of pure tones and of speech by white noise},
  author={Hawkins Jr, JE and Stevens, SS},
  journal={The Journal of the Acoustical Society of America},
  volume={22},
  number={1},
  pages={6--13},
  year={1950},
  publisher={Acoustical Society of America}
}

@article{hornsby2001effects,
  title={The effects of compression ratio, signal-to-noise ratio, and level on speech recognition in normal-hearing listeners},
  author={Hornsby, Benjamin WY and Ricketts, Todd A},
  journal={The Journal of the Acoustical Society of America},
  volume={109},
  number={6},
  pages={2964--2973},
  year={2001},
  publisher={Acoustical Society of America}
}

@article{dijkstra1999recognition,
  title={Recognition of cognates and interlingual homographs: The neglected role of phonology},
  author={Dijkstra, Ton and Grainger, Jonathan and Van Heuven, Walter JB},
  journal={Journal of Memory and language},
  volume={41},
  number={4},
  pages={496--518},
  year={1999},
  publisher={Elsevier}
}

@article{thierry2007brain,
  title={Brain potentials reveal unconscious translation during foreign-language comprehension},
  author={Thierry, Guillaume and Wu, Yan Jing},
  journal={Proceedings of the National Academy of Sciences},
  volume={104},
  number={30},
  pages={12530--12535},
  year={2007},
  publisher={National Acad Sciences}
}

@article{wu2010chinese,
  title={Chinese--english bilinguals reading english hear chinese},
  author={Wu, Yan Jing and Thierry, Guillaume},
  journal={Journal of Neuroscience},
  volume={30},
  number={22},
  pages={7646--7651},
  year={2010},
  publisher={Soc Neuroscience}
}

@article{hirosh2021novel,
  title={Novel Word Learning Among Bilinguals Can Be Better Through the (Dominant) First Language Than Through the Second Language},
  author={Hirosh, Zoya and Degani, Tamar},
  journal={Language Learning},
  year={2021},
  publisher={Wiley Online Library}
}

@article{flynn2004cumulative,
  title={The cumulative-enhancement model for language acquisition: Comparing adults' and children's patterns of development in first, second and third language acquisition of relative clauses},
  author={Flynn, Suzanne and Foley, Claire and Vinnitskaya, Inna},
  journal={International Journal of Multilingualism},
  volume={1},
  number={1},
  pages={3--16},
  year={2004},
  publisher={Taylor \& Francis}
}

@article{barr2013random,
  title={Random effects structure for confirmatory hypothesis testing: Keep it maximal},
  author={Barr, Dale J and Levy, Roger and Scheepers, Christoph and Tily, Harry J},
  journal={Journal of memory and language},
  volume={68},
  number={3},
  pages={255--278},
  year={2013},
  publisher={Elsevier}
}

@article{schwartz1996l2,
  title={L2 cognitive states and the full transfer/full access model},
  author={Schwartz, Bonnie D and Sprouse, Rex A},
  journal={Second language research},
  volume={12},
  number={1},
  pages={40--72},
  year={1996},
  publisher={Sage Publications Sage CA: Thousand Oaks, CA}
}

@article{bardel2007role,
  title={The role of the second language in third language acquisition: The case of Germanic syntax},
  author={Bardel, Camilla and Falk, Ylva},
  journal={Second Language Research},
  volume={23},
  number={4},
  pages={459--484},
  year={2007},
  publisher={Sage Publications Sage UK: London, England}
}

@article{haakansson2002transfer,
  title={Transfer and typological proximity in the context of second language processing},
  author={H{\aa}kansson, Gisela and Pienemann, Manfred and Sayehli, Susan},
  journal={Second language research},
  volume={18},
  number={3},
  pages={250--273},
  year={2002},
  publisher={Sage Publications Sage CA: Thousand Oaks, CA}
}

@article{de2000hard,
  title={What is hard to learn is easy to forget: The roles of word concreteness, cognate status, and word frequency in foreign-language vocabulary learning and forgetting},
  author={De Groot, Annette MB and Keijzer, Rineke},
  journal={Language learning},
  volume={50},
  number={1},
  pages={1--56},
  year={2000},
  publisher={Wiley Online Library}
}

@article{lotto1998effects,
  title={Effects of learning method and word type on acquiring vocabulary in an unfamiliar language},
  author={Lotto, Lorella and De Groot, Annette MB},
  journal={Language learning},
  volume={48},
  number={1},
  pages={31--69},
  year={1998},
  publisher={Wiley Online Library}
}

@article{tokowicz2005implicit,
  title={Implicit and explicit measures of sensitivity to violations in second language grammar: An event-related potential investigation},
  author={Tokowicz, Natasha and MacWhinney, Brian},
  journal={Studies in second language acquisition},
  volume={27},
  number={2},
  pages={173--204},
  year={2005},
  publisher={Cambridge University Press}
}

@article{macwhinney2005unified,
  title={A unified model of language acquisition},
  author={MacWhinney, Brian and Kroll, Judith F and others},
  journal={Handbook of bilingualism: Psycholinguistic approaches},
  volume={4967},
  pages={50--70},
  year={2005}
}

@article{valente2018does,
  title={Does phonological overlap of cognate words modulate cognate acquisition and processing in developing and skilled readers?},
  author={Valente, Daniela and Ferr{\'e}, Pilar and Soares, Ana and Rato, Anabela and Comesa{\~n}a, Montserrat},
  journal={Language Acquisition},
  volume={25},
  number={4},
  pages={438--453},
  year={2018},
  publisher={Taylor \& Francis}
}

@article{midgley2011effects,
  title={Effects of cognate status on word comprehension in second language learners: An ERP investigation},
  author={Midgley, Katherine J and Holcomb, Phillip J and Grainger, Jonathan},
  journal={Journal of Cognitive Neuroscience},
  volume={23},
  number={7},
  pages={1634--1647},
  year={2011},
  publisher={MIT Press One Rogers Street, Cambridge, MA 02142-1209, USA journals-info~…}
}

@article{chen1989patterns,
  title={Patterns of lexical processing in a nonnative language.},
  author={Chen, Hsuan-Chih and Leung, Yuen-Sum},
  journal={Journal of Experimental Psychology: Learning, memory, and cognition},
  volume={15},
  number={2},
  pages={316},
  year={1989},
  publisher={American Psychological Association}
}

@article{chen2007erp,
  title={ERP signatures of subject--verb agreement in L2 learning},
  author={Chen, Lang and Shu, HUA and Liu, Youyi and Zhao, Jingjing and Li, Ping},
  journal={Bilingualism: Language and Cognition},
  volume={10},
  number={2},
  pages={161--174},
  year={2007},
  publisher={Cambridge University Press}
}

@article{ojima2005erp,
  title={An ERP study of second language learning after childhood: Effects of proficiency},
  author={Ojima, Shiro and Nakata, Hiroki and Kakigi, Ryusuke},
  journal={Journal of cognitive neuroscience},
  volume={17},
  number={8},
  pages={1212--1228},
  year={2005},
  publisher={MIT Press One Rogers Street, Cambridge, MA 02142-1209, USA journals-info~…}
}

@article{kotz2009critical,
  title={A critical review of ERP and fMRI evidence on L2 syntactic processing},
  author={Kotz, Sonja A},
  journal={Brain and language},
  volume={109},
  number={2-3},
  pages={68--74},
  year={2009},
  publisher={Elsevier}
}

@book{gelman2006data,
  title={Data analysis using regression and multilevel/hierarchical models},
  author={Gelman, Andrew and Hill, Jennifer},
  year={2006},
  publisher={Cambridge university press}
}

@article{zawiszewski2011language,
  title={Language distance and non-native syntactic processing: Evidence from event-related potentials},
  author={Zawiszewski, Adam and Guti{\'e}rrez, Eva and Fern{\'a}ndez, Beatriz and Laka, Itziar},
  journal={Bilingualism: Language and Cognition},
  volume={14},
  number={3},
  pages={400--411},
  year={2011},
  publisher={Cambridge University Press}
}

@article{degroot1994forward,
  title={Forward and backward word translation by bilinguals},
  author={Degroot, Annette MB and Dannenburg, Lucia and Vanhell, Janet G},
  journal={Journal of memory and language},
  volume={33},
  number={5},
  pages={600--629},
  year={1994},
  publisher={Elsevier}
}

@article{de1992determinants,
  title={Determinants of word translation.},
  author={de Groot, Annette M},
  journal={Journal of Experimental Psychology: Learning, memory, and cognition},
  volume={18},
  number={5},
  pages={1001},
  year={1992},
  publisher={American Psychological Association}
}

@article{kroll1994category,
  title={Category interference in translation and picture naming: Evidence for asymmetric connections between bilingual memory representations},
  author={Kroll, Judith F and Stewart, Erika},
  journal={Journal of memory and language},
  volume={33},
  number={2},
  pages={149--174},
  year={1994},
  publisher={Elsevier}
}

@article{potter1984lexical,
  title={Lexical and conceptual representation in beginning and proficient bilinguals},
  author={Potter, Mary C and So, Kwok-Fai and Von Eckardt, Barbara and Feldman, Laurie B},
  journal={Journal of verbal learning and verbal behavior},
  volume={23},
  number={1},
  pages={23--38},
  year={1984},
  publisher={Elsevier}
}

@article{kroll1988lexical,
  title={Lexical memory in novice bilinguals: The role of concepts in retrieving second language words},
  author={Kroll, Judith F and Curley, Janet and others},
  journal={Practical aspects of memory},
  volume={2},
  number={389-395},
  pages={8},
  year={1988}
}

@article{collins1975spreading,
  title={A spreading-activation theory of semantic processing.},
  author={Collins, Allan M and Loftus, Elizabeth F},
  journal={Psychological review},
  volume={82},
  number={6},
  pages={407},
  year={1975},
  publisher={American Psychological Association}
}

@article{costa2000cognate,
  title={The cognate facilitation effect: implications for models of lexical access.},
  author={Costa, Albert and Caramazza, Alfonso and Sebastian-Galles, Nuria},
  journal={Journal of Experimental Psychology: Learning, Memory, and Cognition},
  volume={26},
  number={5},
  pages={1283},
  year={2000},
  publisher={American Psychological Association}
}

@article{christoffels2006memory,
  title={Memory and language skills in simultaneous interpreters: The role of expertise and language proficiency},
  author={Christoffels, Ingrid K and De Groot, Annette MB and Kroll, Judith F},
  journal={Journal of Memory and Language},
  volume={54},
  number={3},
  pages={324--345},
  year={2006},
  publisher={Elsevier}
}

@article{christoffels2013language,
  title={Language conflict in translation: An ERP study of translation production},
  author={Christoffels, Ingrid K and Ganushchak, Lesya and Koester, Dirk},
  journal={Journal of Cognitive Psychology},
  volume={25},
  number={5},
  pages={646--664},
  year={2013},
  publisher={Taylor \& Francis}
}

@article{van1998orthographic,
  title={Orthographic neighborhood effects in bilingual word recognition},
  author={Van Heuven, Walter JB and Dijkstra, Ton and Grainger, Jonathan},
  journal={Journal of memory and language},
  volume={39},
  number={3},
  pages={458--483},
  year={1998},
  publisher={Elsevier}
}

@article{mcclelland1981interactive,
  title={An interactive activation model of context effects in letter perception: I. An account of basic findings.},
  author={McClelland, James L and Rumelhart, David E},
  journal={Psychological review},
  volume={88},
  number={5},
  pages={375},
  year={1981},
  publisher={American Psychological Association}
}

@article{dijkstra2002architecture,
  title={The architecture of the bilingual word recognition system: From identification to decision},
  author={Dijkstra, Ton and Van Heuven, Walter JB},
  journal={Bilingualism: Language and cognition},
  volume={5},
  number={3},
  pages={175--197},
  year={2002},
  publisher={Cambridge University Press}
}

@article{dijkstra2019multilink,
  title={Multilink: a computational model for bilingual word recognition and word translation},
  author={Dijkstra, Ton and Wahl, Alexander and Buytenhuijs, Franka and Van Halem, Nino and Al-Jibouri, Zina and De Korte, Marcel and Rekk{\'e}, Steven},
  journal={Bilingualism: Language and Cognition},
  volume={22},
  number={4},
  pages={657--679},
  year={2019},
  publisher={Cambridge University Press}
}

@article{marian2012clearpond,
  title={CLEARPOND: Cross-linguistic easy-access resource for phonological and orthographic neighborhood densities},
  author={Marian, Viorica and Bartolotti, James and Chabal, Sarah and Shook, Anthony},
  year={2012},
  publisher={Public Library of Science San Francisco, USA}
}

@article{van2014subtlex,
  title={SUBTLEX-UK: A new and improved word frequency database for British English},
  author={Van Heuven, Walter JB and Mandera, Pawel and Keuleers, Emmanuel and Brysbaert, Marc},
  journal={Quarterly journal of experimental psychology},
  volume={67},
  number={6},
  pages={1176--1190},
  year={2014},
  publisher={SAGE Publications Sage UK: London, England}
}

@article{cuetos2011subtlex,
  title={SUBTLEX-ESP: frecuencias de las palabras espanolas basadas en los subtitulos de las peliculas},
  author={Cuetos, Fernando and Glez-Nosti, Maria and Barbon, Analia and Brysbaert, Marc},
  journal={Psicol{\'o}gica},
  volume={32},
  number={2},
  pages={133--144},
  year={2011},
  publisher={Sociedad Espanola de Psicologia Experimental (SEPEX)}
}

@article{boada2020subtlex,
  title={SUBTLEX-CAT: Subtitle word frequencies and contextual diversity for Catalan},
  author={Boada, Roger and Guasch, Marc and Haro, Juan and Demestre, Josep and Ferr{\'e}, Pilar},
  journal={Behavior research methods},
  volume={52},
  number={1},
  pages={360--375},
  year={2020},
  publisher={Springer}
}

 @article{van2014stringdist,
    title = {The stringdist package for approximate string matching},
    author = {M.P.J. {van der Loo}},
    year = {2014},
    journal = {The {R} {J}ournal},
    volume = {6},
    issue = {1},
    url = {https://CRAN.R-project.org/package=stringdist},
    pages = {111-122},
  }
  
@inproceedings{levenshtein1966binary,
  title={Binary codes capable of correcting deletions, insertions, and reversals},
  author={Levenshtein, Vladimir I and others},
  booktitle={Soviet physics doklady},
  volume={10},
  number={8},
  pages={707--710},
  year={1966},
  organization={Soviet Union}
}

@article{costa2003another,
  title={Another look at cross-language competition in bilingual speech production: Lexical and phonological factors},
  author={Costa, Albert and Colom{\'e}, {\`A}ngels and G{\'o}mez, Olga and Sebasti{\'a}n-Gall{\'e}s, Nuria},
  journal={Bilingualism: Language and Cognition},
  volume={6},
  number={3},
  pages={167--179},
  year={2003},
  publisher={Cambridge University Press}
}

@article{lecumberri2010non,
  title={Non-native speech perception in adverse conditions: A review},
  author={Lecumberri, Maria Luisa Garcia and Cooke, Martin and Cutler, Anne},
  journal={Speech communication},
  volume={52},
  number={11-12},
  pages={864--886},
  year={2010},
  publisher={Elsevier}
}

