
@article{albin2014,
	title = {{PraatR}: {An} architecture for controlling the phonetics software “{Praat}” with the {R} programming language},
	volume = {135},
	issn = {0001-4966},
	shorttitle = {{PraatR}},
	url = {https://asa.scitation.org/doi/10.1121/1.4877175},
	doi = {10.1121/1.4877175},
	number = {4},
	urldate = {2019-08-27},
	journal = {The Journal of the Acoustical Society of America},
	author = {Albin, Aaron L.},
	month = apr,
	year = {2014},
	keywords = {methods},
	pages = {2198--2199}
}