
@book{allaire2018,
	title = {rmarkdown: {Dynamic} {Documents} for {R}},
	url = {https://CRAN.R-project.org/package=rmarkdown},
	author = {Allaire, JJ and Xie, Yihui and McPherson, Jonathan and Luraschi, Javier and Ushey, Kevin and Atkins, Aron and Wickham, Hadley and Cheng, Joe and Chang, Winston},
	year = {2018}
}