
@book{aust2018,
	title = {papaja: {Create} {APA} manuscripts with {R} {Markdown}},
	url = {https://github.com/crsh/papaja},
	author = {Aust, Frederik and Barth, Marius},
	year = {2018}
}