
@article{boersma2001,
	title = {{PRAAT}, a system for doing phonetics by computer},
	volume = {5},
	journal = {Glot international},
	author = {Boersma, Paul and Weenink, David},
	year = {2001},
	pages = {341--345}
}