
@article{cuetos2011,
	title = {{SUBTLEX}-{ESP}: {Spanish} word frequencies based on film subtitles},
	volume = {32},
	number = {2},
	journal = {Psicológica},
	author = {Cuetos, Fernando and Glez-Nosti, Maria and Barbón, Analía and Brysbaert, Marc},
	year = {2011},
	keywords = {Films, Language, Lexical Decision, Naming, Reaction Time, Television, Word Frequency, Word Recognition},
	pages = {133--143}
}