@InProceedings{levenshtein1966binary,
  title = {Binary Codes Capable of Correcting Deletions, Insertions, and Reversals},
  booktitle = {Soviet Physics Doklady},
  author = {Vladimir I Levenshtein},
  year = {1966},
  volume = {10},
  pages = {707--710},
  number = {8},
}
