
@book{rstudioteam2015,
	address = {Boston, MA},
	title = {{RStudio}: {Integrated} {Development} {Environment} for {R}},
	url = {http://www.rstudio.com/},
	publisher = {RStudio, Inc.},
	author = {{RStudio Team}},
	year = {2015},
	keywords = {methods}
}