
@book{wickham2016,
	title = {ggplot2: {Elegant} {Graphics} for {Data} {Analysis}},
	isbn = {978-3-319-24277-4},
	url = {http://ggplot2.org},
	publisher = {Springer-Verlag New York},
	author = {Wickham, Hadley},
	year = {2016}
}